<?xml version="1.0" encoding="UTF-8"?><collection xmlns="http://www.loc.gov/MARC21/slim"><record><leader>00555nam--2200193-i-4500</leader><controlfield tag="001">000027939</controlfield><controlfield tag="002">20161230</controlfield><controlfield tag="005">20161230201037</controlfield><controlfield tag="008">060222s1000------------r-----000-0-rus-d</controlfield><datafield ind1=" " ind2=" " tag="040"><subfield code="a">IFIN-HH</subfield></datafield><datafield ind1=" " ind2=" " tag="041"><subfield code="a">rus</subfield></datafield><datafield ind1=" " ind2=" " tag="080"><subfield code="a">530.3</subfield></datafield><datafield ind1="1" ind2=" " tag="100"><subfield code="a">Skacikov, S.V</subfield></datafield><datafield ind1="1" ind2="0" tag="245"><subfield code="a">Sbornik zadacvi po iadernoi fizike</subfield><subfield code="c">S.v. skacikov, l.v. konstantinov, r.p. stroganova, l.n. iurova, e.p. toporkova</subfield></datafield><datafield ind1=" " ind2=" " tag="260"><subfield code="a">Moskva</subfield><subfield code="b">Fiziko-matematiceskoi Literaturi</subfield><subfield code="c">1963</subfield></datafield><datafield ind1=" " ind2=" " tag="300"><subfield code="a">222P</subfield></datafield><datafield ind1="1" ind2=" " tag="700"><subfield code="a">Toporkova, E.P</subfield></datafield><datafield ind1=" " ind2=" " tag="852"><subfield code="a">9104</subfield><subfield code="c">539</subfield></datafield><datafield ind1=" " ind2=" " tag="CAT"><subfield code="a">Sys</subfield><subfield code="c">20110921</subfield><subfield code="h">123641</subfield></datafield></record></collection>